@misc{trecvid,
    key = "{TRECVID}",
    title = "{TREC} {V}ideo {R}etrieval {E}valuation: {TRECVID}",
    howpublished = "\url{http://www-nlpir.nist.gov/projects/trecvid/}",
    note = "Accessed: 2015-08-09"
}
